<record><leader>00000cas a2200000 a 4500</leader><controlfield tag="001">34096029</controlfield><controlfield tag="007">hd afu---baca</controlfield><controlfield tag="008">960129d19371954nbudn nea     0    0eng d</controlfield><datafield ind1=" " ind2=" " tag="010"><subfield code="a">sn 95073440 </subfield></datafield><datafield ind1=" " ind2=" " tag="040"><subfield code="a">NVG</subfield><subfield code="b">eng</subfield><subfield code="c">NVG</subfield><subfield code="d">OCL</subfield><subfield code="d">OCLCQ</subfield><subfield code="d">OCLCF</subfield><subfield code="d">OCLCO</subfield><subfield code="d">OCLCQ</subfield></datafield><datafield ind1=" " ind2=" " tag="042"><subfield code="a">msc</subfield></datafield><datafield ind1=" " ind2=" " tag="043"><subfield code="a">n-us-nb</subfield></datafield><datafield ind1="0" ind2=" " tag="130"><subfield code="a">Morning world-herald (Omaha, Neb. : 1937)</subfield></datafield><datafield ind1="1" ind2="0" tag="245"><subfield code="a">Morning world-herald.</subfield></datafield><datafield ind1=" " ind2=" " tag="260"><subfield code="a">Omaha, Neb. :</subfield><subfield code="b">[World Pub. Co.],</subfield><subfield code="c">1937-1954.</subfield></datafield><datafield ind1=" " ind2=" " tag="300"><subfield code="a">18 volumes ;</subfield><subfield code="c">56 cm</subfield></datafield><datafield ind1=" " ind2=" " tag="310"><subfield code="a">Daily (except Sun.)</subfield></datafield><datafield ind1=" " ind2=" " tag="336"><subfield code="a">text</subfield><subfield code="b">txt</subfield><subfield code="2">rdacontent</subfield></datafield><datafield ind1=" " ind2=" " tag="337"><subfield code="a">microform</subfield><subfield code="b">h</subfield><subfield code="2">rdamedia</subfield></datafield><datafield ind1=" " ind2=" " tag="338"><subfield code="a">microfilm reel</subfield><subfield code="b">hd</subfield><subfield code="2">rdacarrier</subfield></datafield><datafield ind1="0" ind2=" " tag="362"><subfield code="a">72nd year, no. 282 (Aug. 25, 1937)-89th year, no. 313 (Oct. 1, 1954).</subfield></datafield><datafield ind1=" " ind2=" " tag="580"><subfield code="a">Evening ed.: Evening world-herald (Omaha, Neb. : 1937).</subfield></datafield><datafield ind1=" " ind2=" " tag="580"><subfield code="a">Sunday ed.: Sunday world-herald (Omaha, Neb. : 1937).</subfield></datafield><datafield ind1=" " ind2=" " tag="580"><subfield code="a">Split into: Omaha world-herald (Omaha, Neb. : 1954 : Sunrise ed.); and: Omaha world-herald (Omaha, Neb. : 1954 : Iowa ed.).</subfield></datafield><datafield ind1=" " ind2=" " tag="533"><subfield code="a">Microfilm.</subfield><subfield code="b">New York, [N.Y.] :</subfield><subfield code="c">Recordak Corporation.</subfield><subfield code="e">212 microfilm reels ; 35 mm.</subfield></datafield><datafield ind1=" " ind2="0" tag="651"><subfield code="a">Omaha (Neb.)</subfield><subfield code="v">Newspapers.</subfield></datafield><datafield ind1=" " ind2="7" tag="651"><subfield code="a">Nebraska</subfield><subfield code="z">Omaha.</subfield><subfield code="2">fast</subfield><subfield code="0">(OCoLC)fst01204995</subfield></datafield><datafield ind1=" " ind2="7" tag="655"><subfield code="a">Newspapers.</subfield><subfield code="2">fast</subfield><subfield code="0">(OCoLC)fst01423814</subfield></datafield><datafield ind1=" " ind2=" " tag="752"><subfield code="a">United States</subfield><subfield code="b">Nebraska</subfield><subfield code="c">Douglas</subfield><subfield code="d">Omaha.</subfield></datafield><datafield ind1="1" ind2=" " tag="775"><subfield code="t">Evening world-herald (Omaha, Neb. : 1937)</subfield></datafield><datafield ind1="1" ind2=" " tag="775"><subfield code="t">Sunday world-herald (Omaha, Neb. : 1937)</subfield><subfield code="w">(DLC)sn 95073442</subfield></datafield><datafield ind1="1" ind2=" " tag="776"><subfield code="c">Original</subfield><subfield code="w">(DLC)sn 83045766</subfield></datafield><datafield ind1="0" ind2="0" tag="780"><subfield code="t">Omaha world-herald (Omaha, Neb. : 1928 : Morning ed.)</subfield><subfield code="w">(DLC)sn 95073437</subfield></datafield><datafield ind1="0" ind2="5" tag="780"><subfield code="t">Omaha morning bee-news</subfield></datafield><datafield ind1="1" ind2="6" tag="785"><subfield code="t">Omaha world-herald (Omaha, Neb. : 1954 : Sunrise ed.)</subfield><subfield code="w">(DLC)sn 95073444</subfield></datafield><datafield ind1="1" ind2="6" tag="785"><subfield code="t">Omaha world-herald (Omaha, Neb. : 1954 : Iowa ed.)</subfield></datafield><datafield ind1="1" ind2=" " tag="029"><subfield code="a">AU@</subfield><subfield code="b">000012206170</subfield></datafield></record>